
@article{mihaljevic2014,
	title = {The Scaling of Host Density with Richness Affects the Direction, Shape, and Detectability of Diversity-Disease Relationships},
	author = {Mihaljevic, Joseph R. and Joseph, Maxwell B. and Orlofske, Sarah A. and Paull, Sara H.},
	editor = {Fernandez-Reyes, Delmiro},
	year = {2014},
	month = {05},
	date = {2014-05-21},
	journal = {PLoS ONE},
	pages = {e97812},
	volume = {9},
	number = {5},
	doi = {10.1371/journal.pone.0097812},
	url = {https://dx.plos.org/10.1371/journal.pone.0097812},
	langid = {en}
}
